<?xml version="1.0" encoding="UTF-8"?><collection xmlns="http://www.loc.gov/MARC21/slim"><record><leader>00367nam--2200121-i-4500</leader><controlfield tag="001">000018613</controlfield><controlfield tag="002">20161230</controlfield><controlfield tag="005">20161230201032</controlfield><controlfield tag="008">060222s1000------------r-----000-0-eng-d</controlfield><datafield ind1=" " ind2=" " tag="100"><subfield code="a">Duffin, J.H., Somerville, G.F., Hanson, D.N</subfield></datafield><datafield ind1=" " ind2=" " tag="245"><subfield code="a">Computation of multistage separation processes</subfield></datafield><datafield ind1=" " ind2=" " tag="260"><subfield code="a">New York, Reinhold Publ. Corporation, 1962. Viii + 361 P</subfield></datafield><datafield ind1=" " ind2=" " tag="852"><subfield code="a">18480</subfield></datafield></record></collection>